<collection xmlns="http://www.loc.gov/MARC21/slim"><record><leader>00955nam  2200277   450</leader><controlfield tag="001">115</controlfield><controlfield tag="003">http://montalegre.opacnet.com/OPAC/default.aspx?ContentAreaControl=ShowRegHoldings.ascx&amp;RegNo=16662</controlfield><datafield tag="010" ind1=" " ind2=" "><subfield code="a">972-29-0078-1</subfield></datafield><datafield tag="021" ind1=" " ind2=" "><subfield code="a">PT</subfield><subfield code="b">216581/2004</subfield></datafield><datafield tag="100" ind1=" " ind2=" "><subfield code="a">20030725g20039999ma y0pory0103    ba</subfield></datafield><datafield tag="101" ind1="1" ind2=" "><subfield code="a">por</subfield><subfield code="c">eng</subfield></datafield><datafield tag="102" ind1=" " ind2=" "><subfield code="a">PT</subfield></datafield><datafield tag="105" ind1=" " ind2=" "><subfield code="a">y   z   000ay</subfield></datafield><datafield tag="106" ind1=" " ind2=" "><subfield code="a">r</subfield></datafield><datafield tag="200" ind1="1" ind2=" "><subfield code="a">&lt;As &gt;brumas de Avalon</subfield><subfield code="f">Marion Zimmer Bradley</subfield><subfield code="g">trad. Maria Dulce Teles de Menezes</subfield></datafield><datafield tag="205" ind1=" " ind2=" "><subfield code="a">24ª ed</subfield></datafield><datafield tag="210" ind1=" " ind2=" "><subfield code="a">Miraflores</subfield><subfield code="c">Difel</subfield><subfield code="d">2004</subfield></datafield><datafield tag="215" ind1=" " ind2=" "><subfield code="a">v</subfield><subfield code="d">24 cm</subfield></datafield><datafield tag="304" ind1=" " ind2=" "><subfield code="a">Tít. orig.: The mists of Avalon</subfield></datafield><datafield tag="327" ind1="1" ind2=" "><subfield code="a">1" v. : A senhora da magia.- 2002 . - 316 p</subfield></datafield><datafield tag="517" ind1="1" ind2=" "><subfield code="a">&lt;A &gt;senhora da magia</subfield></datafield><datafield tag="675" ind1=" " ind2=" "><subfield code="a">821.111(73)-31"19"</subfield><subfield code="v">BN</subfield><subfield code="z">por</subfield><subfield code="v">BN</subfield><subfield code="z">por</subfield><subfield code="3">290736</subfield></datafield><datafield tag="700" ind1=" " ind2="1"><subfield code="a">Bradley</subfield><subfield code="b">Marion Zimmer</subfield><subfield code="f">1930-1999</subfield><subfield code="3">39261</subfield></datafield><datafield tag="702" ind1=" " ind2="1"><subfield code="a">Meneses</subfield><subfield code="b">Maria Dulce Teles de</subfield><subfield code="4">730</subfield><subfield code="3">48480</subfield></datafield><datafield tag="801" ind1=" " ind2="0"><subfield code="a">PT</subfield><subfield code="b">Biblioteca Municipal de Montalegre</subfield><subfield code="g">RPC</subfield></datafield><datafield tag="856" ind1=" " ind2=" "><subfield code="u">locateMedia.asp?cod=20060509101532&amp;ext=jpg</subfield><subfield code="z">CAPA</subfield></datafield><datafield tag="909" ind1="&#9;" ind2=" "><subfield code="a">1</subfield></datafield><datafield tag="966" ind1=" " ind2=" "><subfield code="a">0016281</subfield><subfield code="l">BMM</subfield><subfield code="s">SCG 821 BRA bru</subfield></datafield></record></collection>